<record><leader>00000cas a22000007a 4500</leader><controlfield tag="001">9573222</controlfield><controlfield tag="008">830603d19uu198utxudn ne      0   a0eng d</controlfield><datafield ind1=" " ind2=" " tag="010"><subfield code="a">sn 83009384 </subfield></datafield><datafield ind1=" " ind2=" " tag="040"><subfield code="a">NSD</subfield><subfield code="b">eng</subfield><subfield code="c">NSD</subfield><subfield code="d">PPM</subfield><subfield code="d">NSD</subfield><subfield code="d">OCLCQ</subfield></datafield><datafield ind1=" " ind2=" " tag="012"><subfield code="j">0</subfield><subfield code="k">1</subfield><subfield code="m">d</subfield></datafield><datafield ind1="1" ind2=" " tag="022"><subfield code="a">0745-9068</subfield><subfield code="l">0745-9068</subfield><subfield code="2">1</subfield></datafield><datafield ind1=" " ind2=" " tag="037"><subfield code="b">Dallas-Fort Worth Suburban Newspapers, Inc., 613 State St., Garland, TX 75040</subfield></datafield><datafield ind1=" " ind2=" " tag="042"><subfield code="a">nsdp</subfield><subfield code="a">msc</subfield></datafield><datafield ind1=" " ind2="0" tag="222"><subfield code="a">Richardson daily news</subfield></datafield><datafield ind1="0" ind2="0" tag="245"><subfield code="a">Richardson daily news.</subfield></datafield><datafield ind1=" " ind2=" " tag="260"><subfield code="a">Richardson, Tex. :</subfield><subfield code="b">Richardson News Inc.</subfield></datafield><datafield ind1=" " ind2=" " tag="300"><subfield code="a">v.</subfield></datafield><datafield ind1=" " ind2=" " tag="310"><subfield code="a">Daily (except Mon. &amp; Christmas Day),</subfield><subfield code="b">&lt;Mar. 1, 1987-&gt;</subfield></datafield><datafield ind1=" " ind2=" " tag="321"><subfield code="a">Daily (except Sat.),</subfield><subfield code="b">&lt;May 5, 1983-&gt;</subfield></datafield><datafield ind1=" " ind2=" " tag="321"><subfield code="a">Daily (except Sat. &amp; Christmas Day),</subfield><subfield code="b">&lt;Mar. 1, 1985-&gt;</subfield></datafield><datafield ind1=" " ind2=" " tag="500"><subfield code="a">Imprint varies: Garland, TX : Dallas-Fort Worth Suburban Newspapers, Inc. &lt;Mar. 1, 1987-&gt;</subfield></datafield><datafield ind1=" " ind2=" " tag="588"><subfield code="a">Description based on: Vol. 8, no. 29 (Aug. 17, 1963).</subfield></datafield><datafield ind1=" " ind2=" " tag="588"><subfield code="a">Latest issue consulted: Vol. 30, no. 51 (Sunday, Mar. 1, 1987).</subfield></datafield><datafield ind1=" " ind2=" " tag="752"><subfield code="a">United States</subfield><subfield code="b">Texas</subfield><subfield code="c">Collin</subfield><subfield code="d">Richardson.</subfield></datafield><datafield ind1=" " ind2=" " tag="752"><subfield code="a">United States</subfield><subfield code="b">Texas</subfield><subfield code="c">Dallas</subfield><subfield code="d">Richardson.</subfield></datafield><datafield ind1=" " ind2=" " tag="752"><subfield code="a">United States</subfield><subfield code="b">Texas</subfield><subfield code="c">Dallas</subfield><subfield code="d">Garland.</subfield></datafield><datafield ind1="0" ind2="0" tag="785"><subfield code="t">Richardson news</subfield><subfield code="x">1045-4004</subfield><subfield code="w">(DLC)sn 89003008</subfield></datafield></record>